%% This BibTeX bibliography file was created using BibDesk.
%% http://bibdesk.sourceforge.net/


%% Created for Ricardo Langner at 2011-05-27 13:40:00 +0200


%% Saved with string encoding Unicode (UTF-8)

@online{WEB:ownCloud:2014,
	Author = {{Frank Karlitschek}},
	Date-Added = {2014-05-05 17:47:27 +0200},
	Date-Modified = {2014-05-03 17:47:27 +0200},
	Title = {ownCloud},
	URL = {http://owncloud.org/},
	Urldate = {2014-05-05},
	Year = {2014}
}

@online{WEB:PERSISTENCE:2014,
	Author = {{zefhemel}},
	Date-Added = {2014-05-05 16:10:12 +0200},
	Date-Modified = {2014-05-03 16:10:12 +0200},
	Title = {persistence.js},
	URL = {https://github.com/zefhemel/persistencejs},
	Urldate = {2014-05-05},
	Year = {2014}
}

@online{WEB:WEBSQLSYNC:2014,
	Author = {{orbitaloop}},
	Date-Added = {2014-05-03 18:57:32 +0200},
	Date-Modified = {2014-05-03 18:57:32 +0200},
	Title = {WebSqlSync},
	URL = {http://www.verious.com/code/orbitaloop/WebSqlSync/},
	Urldate = {2014-05-03},
	Year = {2013}
}

@online{WEB:SYNCML:2014,
	Author = {{Open Mobile Alliance}},
	Date-Added = {2014-05-03 18:01:44 +0200},
	Date-Modified = {2014-05-03 18:01:44 +0200},
	Title = {SyncML Spezifikationen},
	URL = {http://technical.openmobilealliance.org/Technical/release_program/SyncML_v1_2_2.aspx},
	Urldate = {2014-05-03},
	Year = {2013}
}

@online{WEB:APPEV:2014,
	Author = {{App Entwickler Verzeichnis}},
	Date-Added = {2014-05-02 14:24:03 +0200},
	Date-Modified = {2014-05-02 14:24:03 +0200},
	Title = {7,3 Millionen schwerbehinderte Menschen},
	URL = {http://www.app-entwickler-verzeichnis.de/faq-app-entwicklung/11-definitionen/107-unterschiede-und-vergleich-native-apps-vs-web-apps},
	Urldate = {2014-05-02},
	Year = {2014}
}

@online{WEB:DESTATIS:2014,
	Author = {{Statistisches Bundesamt Wiesbaden}},
	Date-Added = {2014-04-22 16:49:18 +0200},
	Date-Modified = {2014-04-22 16:49:18 +0200},
	Title = {7,3 Millionen schwerbehinderte Menschen},
	URL = {https://www.destatis.de/DE/ZahlenFakten/GesellschaftStaat/Gesundheit/Behinderte/Aktuell.html},
	Urldate = {2011-05-27},
	Year = {2011}
}

@online{WEB:DIN18040:2010,
	Author = {{HyperJoint GmbH}},
	Date-Added = {2014-04-23 14:26:22 +0200},
	Date-Modified = {2014-04-23 14:26:22 +0200},
	Title = {DIN-18040},
	URL = {http://nullbarriere.de/din18040-1.htm},
	Year = {2010}
}

@book{Jurgens:2000,
	Author = {Manuela J{\"u}rgens},
	Date-Added = {2011-05-27 13:34:22 +0200},
	Date-Modified = {2011-05-27 13:34:59 +0200},
	Publisher = {FernUniversit{\"a}t Gesamthochschule in Hagen},
	Title = {LaTeX: eine Einf{\"u}hrung und ein bisschen mehr},
	Year = {2000}}

@book{Jurgens:1995,
	Author = {Manuela J{\"u}rgens},
	Date-Added = {2011-05-27 13:32:40 +0200},
	Date-Modified = {2011-05-27 13:34:17 +0200},
	Publisher = {FernUniversit{\"a}t Gesamthochschule in Hagen},
	Title = {LaTeX: Fortgeschrittene Anwendungen},
	Year = {1995}}

@manual{Miede:2011,
	Author = {Andr{\'e} Miede},
	Date-Added = {2011-05-27 13:29:22 +0200},
	Date-Modified = {2011-05-27 13:30:39 +0200},
	Title = {A Classic Thesis Style: An Homage to The Elements of Typographic Style},
	Year = {2011}}

@book{Apple:keynote:2010,
	Author = {{Apple Inc.}},
	Date-Added = {2011-03-21 17:19:42 +0100},
	Date-Modified = {2011-03-21 17:19:42 +0100},
	Publisher = {{Apple Inc.}},
	Title = {Keynote '09 User Guide},
	Year = {2010},
	Bdsk-File-1 = {YnBsaXN0MDDUAQIDBAUIJidUJHRvcFgkb2JqZWN0c1gkdmVyc2lvblkkYXJjaGl2ZXLRBgdUcm9vdIABqAkKFRYXGyIjVSRudWxs0wsMDQ4RFFpOUy5vYmplY3RzV05TLmtleXNWJGNsYXNzog8QgASABqISE4ACgAOAB1lhbGlhc0RhdGFccmVsYXRpdmVQYXRo0hgNGRpXTlMuZGF0YU8RAfIAAAAAAfIAAgAADE1hY2ludG9zaCBIRAAAAAAAAAAAAAAAAAAAAMjMzzBIKwAAADQGiB9BcHBsZSBJbmMuXzIwMTBfS2V5biM0M0VCNTcucGRmAAAAAAAAAAAAAAAAAAAAAAAAAAAAAAAAAAAAAAAAAAAAQ+tXyUqouAAAAAAAAAAAAAIAAwAACSAAAAAAAAAAAAAAAAAAAAAFRmlsZXMAABAACAAAyMyzEAAAABEACAAAyUqaqAAAAAEAEAA0BogANAaGAAPAAwAAkZEAAgBMTWFjaW50b3NoIEhEOlVzZXJzOmRlcnJpYzpCaWJsaW9ncmFwaHk6RmlsZXM6QXBwbGUgSW5jLl8yMDEwX0tleW4jNDNFQjU3LnBkZgAOAFYAKgBBAHAAcABsAGUAIABJAG4AYwAuAF8AMgAwADEAMABfAEsAZQB5AG4AbwB0AGUAIAAnADAAOQAgAFUAcwBlAHIAIABHAHUAaQBkAGUALgBwAGQAZgAPABoADABNAGEAYwBpAG4AdABvAHMAaAAgAEgARAASAEpVc2Vycy9kZXJyaWMvQmlibGlvZ3JhcGh5L0ZpbGVzL0FwcGxlIEluYy5fMjAxMF9LZXlub3RlICcwOSBVc2VyIEd1aWRlLnBkZgATAAEvAAAVAAIADf//AACABdIcHR4fWCRjbGFzc2VzWiRjbGFzc25hbWWjHyAhXU5TTXV0YWJsZURhdGFWTlNEYXRhWE5TT2JqZWN0XxBDLi4vLi4vQmlibGlvZ3JhcGh5L0ZpbGVzL0FwcGxlIEluYy5fMjAxMF9LZXlub3RlICcwOSBVc2VyIEd1aWRlLnBkZtIcHSQloiUhXE5TRGljdGlvbmFyeRIAAYagXxAPTlNLZXllZEFyY2hpdmVyAAgAEQAWAB8AKAAyADUAOgA8AEUASwBSAF0AZQBsAG8AcQBzAHYAeAB6AHwAhgCTAJgAoAKWApgCnQKmArECtQLDAsoC0wMZAx4DIQMuAzMAAAAAAAACAQAAAAAAAAAoAAAAAAAAAAAAAAAAAAADRQ==},
	Bdsk-File-2 = {YnBsaXN0MDDUAQIDBAUIJidUJHRvcFgkb2JqZWN0c1gkdmVyc2lvblkkYXJjaGl2ZXLRBgdUcm9vdIABqAkKFRYXGyIjVSRudWxs0wsMDQ4RFFpOUy5vYmplY3RzV05TLmtleXNWJGNsYXNzog8QgASABqISE4ACgAOAB1lhbGlhc0RhdGFccmVsYXRpdmVQYXRo0hgNGRpXTlMuZGF0YU8RAfYAAAAAAfYAAgAADE1hY2ludG9zaCBIRAAAAAAAAAAAAAAAAAAAAMjMzzBIKwAAADQGiB9BcHBsZSBJbmMuXzIwMTBfS2V5biM0NkUzNkUucGRmAAAAAAAAAAAAAAAAAAAAAAAAAAAAAAAAAAAAAAAAAAAARuNuyUqiogAAAAAAAAAAAAIAAwAACSAAAAAAAAAAAAAAAAAAAAAFRmlsZXMAABAACAAAyMyzEAAAABEACAAAyUqUkgAAAAEAEAA0BogANAaGAAPAAwAAkZEAAgBMTWFjaW50b3NoIEhEOlVzZXJzOmRlcnJpYzpCaWJsaW9ncmFwaHk6RmlsZXM6QXBwbGUgSW5jLl8yMDEwX0tleW4jNDZFMzZFLnBkZgAOAFgAKwBBAHAAcABsAGUAIABJAG4AYwAuAF8AMgAwADEAMABfAEsAZQB5AG4AbwB0AGUAIAAnADAAOQAgAFUAcwBlAHIAIABHAHUAaQBkAGUAMAAuAHAAZABmAA8AGgAMAE0AYQBjAGkAbgB0AG8AcwBoACAASABEABIAS1VzZXJzL2RlcnJpYy9CaWJsaW9ncmFwaHkvRmlsZXMvQXBwbGUgSW5jLl8yMDEwX0tleW5vdGUgJzA5IFVzZXIgR3VpZGUwLnBkZgAAEwABLwAAFQACAA3//wAAgAXSHB0eH1gkY2xhc3Nlc1okY2xhc3NuYW1lox8gIV1OU011dGFibGVEYXRhVk5TRGF0YVhOU09iamVjdF8QRC4uLy4uL0JpYmxpb2dyYXBoeS9GaWxlcy9BcHBsZSBJbmMuXzIwMTBfS2V5bm90ZSAnMDkgVXNlciBHdWlkZTAucGRm0hwdJCWiJSFcTlNEaWN0aW9uYXJ5EgABhqBfEA9OU0tleWVkQXJjaGl2ZXIACAARABYAHwAoADIANQA6ADwARQBLAFIAXQBlAGwAbwBxAHMAdgB4AHoAfACGAJMAmACgApoCnAKhAqoCtQK5AscCzgLXAx4DIwMmAzMDOAAAAAAAAAIBAAAAAAAAACgAAAAAAAAAAAAAAAAAAANK}}
